<record><leader>00000cas a22000007a 4500</leader><controlfield tag="001">14104517</controlfield><controlfield tag="008">860818d19091917aluwr ne      0    0eng d</controlfield><datafield ind1=" " ind2=" " tag="010"><subfield code="a">sn 86050330 </subfield></datafield><datafield ind1=" " ind2=" " tag="040"><subfield code="a">AAR</subfield><subfield code="b">eng</subfield><subfield code="c">AAR</subfield><subfield code="d">CPN</subfield><subfield code="d">OCLCQ</subfield></datafield><datafield ind1=" " ind2=" " tag="042"><subfield code="a">msc</subfield></datafield><datafield ind1="0" ind2="0" tag="245"><subfield code="a">Henry County standard.</subfield></datafield><datafield ind1=" " ind2=" " tag="260"><subfield code="a">Headland, Ala. :</subfield><subfield code="b">T.N. Jernigan,</subfield><subfield code="c">1909-</subfield></datafield><datafield ind1=" " ind2=" " tag="300"><subfield code="a">v.</subfield></datafield><datafield ind1=" " ind2=" " tag="310"><subfield code="a">Weekly</subfield></datafield><datafield ind1="0" ind2=" " tag="362"><subfield code="a">Vol. 1, no. 1 (Sept. 1, 1909)-</subfield></datafield><datafield ind1="1" ind2=" " tag="362"><subfield code="a">Ceased in Jan. 1917.</subfield></datafield><datafield ind1=" " ind2=" " tag="752"><subfield code="a">United States</subfield><subfield code="b">Alabama</subfield><subfield code="c">Henry</subfield><subfield code="d">Headland.</subfield></datafield><datafield ind1="0" ind2="0" tag="785"><subfield code="t">Wiregrass farmer</subfield><subfield code="w">(DLC)sn 86050331</subfield></datafield></record>